@misc{VonNeumannMachine_Wiki,
    title = "Wikipedia ノイマン型",
    howpublished = {\url{https://ja.wikipedia.org/wiki/ノイマン型}}
}

@misc{TuringMachine_Wiki,
    title = "Wikipedia チューリングマシン",
    howpublished = {\url{https://ja.wikipedia.org/wiki/チューリングマシン}}
}


@book{TuringMachine_Abe,
    author  = "阿部彩芽, 笠井琢美",
    title   = "チューリングの考えるキカイ \UTF{FF5E}人工知能の父に学ぶコンピュータ・サイエンスの基礎",
    year    = "2018",
    publisher = "技術評論社"
}

@misc{TuringMachine_Makino,
    author  = "牧野武文",
    title   = "チューリングマシンとは？コンピューター・ソフトウェアの生みの親アラン・チューリング",
    note = "コラム:2022.08.30",
    publisher = "パーソナルクロステクノロジ",
    howpublished = {\url{https://staff.persol-xtech.co.jp/corporate/security/column/}}
}

@article{Dataflow_Dennis,
    author  = "Jack B. Dennis",
    title   = "First Version of Data flow Procedure Language, Project",
    year    = "1975",
    note    = "MIT/LCS/TM-61",
    journal = "Laboratory for Computer Science, Massachusetts Institute of Technology"
}

@Conference{Dataflow_Lisa,
    author  = "Lisa (Ling) Liu",
    title   = "Data flow Programming Model",
    year    = "2010",
    organization = "Design of Parallel and High-Performance Computing Fall"
}

@book{4004_Shima,
    author    = "嶋正利(Masatoshi Shima)",
    title     = "マイクロコンピュータの誕生＜わが青春の4004＞(The Birth of the Microcomputer: My Youth with the 4004)",
    year      = "1987",
    publisher = "岩波書店(Iwanami Shoten)"
}

@book{4004_Maruyama,
    author    = "圓山宗智",
    title     = "MAX 10実験キットで学ぶFPGA \& コンピュータ（第２版）",
    year      = "2017",
    pages     = "511--548",
    note      = "第23章 4004 CPUアーキテクチャとMCS-4システム",
    publisher = "CQ出版社"
}

@misc{Intel4004DotCom,
    title = "Intel 4004 - 50th Anniversary Project",
    howpublished = {\url{http://www.4004.com}}
}

@manual{MCS4HardwareManual,
    title     = "MCS-4 Micro Computer Set Users Manual",
    year      = "Feb., 1973",
    edition   = "Rev.4",
    organization = "Intel Corporation",
    note = {\url{http://www.intel.com/Assets/PDF/Manual/msc4.pdf}}
}

@manual{MCS4SoftwareManual,
    title     = "MCS-4 Assembly Language Programming Manual",
    year      = "Dec., 1973",
    edition   = "Preliminary Edition",
    organization = "Intel Corporation",
    note = {\url{http://www.nj7p.org/Manuals/PDFs/Intel/MCS-4_ALPM_Dec73.pdf}}
}


@book{Henne_Patta,
    author    = "David Patterson, John Hennessy",
    title     = "Computer Organization and Design RISC-V Edition",
    year      = "2017",
    publisher = "Morgan Kaufmann"
}

@book{HarrisAndHarris,
    author    = "Sarah L. Harris, David Harris",
    title     = "Digital Design and Computer Architecture, RISC-V Edition",
    year      = "2021",
    publisher = "Morgan Kaufmann"
}

@book{RISCV_PattersonWaterman,
    author    = "David Patterson, Andrew Waterman",
    title     = "RISC-V原典 オープンアーキテクチャのススメ",
    year      = "2018",
    publisher = "日経BP"
}

@manual{RISCV_ISA1,
    author    = "Andrew Waterman, Krste Asanovi\'{c}",
    title     = "The RISC-V Instruction Set Manual Volume I: Unprivileged ISA",
    year      = "2019",
    edition   = "Document Version 20191213",
    organization = "RISC-V Foundation"
}

@manual{RISCV_ISA2,
    author    = "Andrew Waterman, Krste Asanovi\'{c}, John Hauser",
    title     = "The RISC-V Instruction Set Manual Volume II: Privileged Architecture",
    year      = "2021",
    edition   = "Document Version 20211203",
    organization = "RISC-V Foundation"
}

@manual{RISCV_Debug,
    author    = "Paul Donahue, Tim Newsome",
    title     = "RISC-V Debug Specification",
    year      = "2023",
    edition   = "Version 1.0-STABLE",
    organization = "RISC-V Foundation"
}

@manual{DS_MT41K512M16,
    author    = "Micron",
    title     = "TwinDie 1.35V DDR3L SDRAM MT41K512M16",
    year      = "2012",
    edition   = "Rev. D 10/13 EN",
    organization = "Micron Technology, Inc"
}

@misc{mmRISC-1,
    author= {Munetomo Maruyama},
    title = {A RISC-V Subsystem mmRISC-1, RISC-V RV32IMAFC Core for MCU},
    note  = {\url{https://github.com/munetomo-maruyama/mmRISC-1}}
}

